<?xml version="1.0" encoding="UTF-8"?><collection xmlns="http://www.loc.gov/MARC21/slim"><record><leader>00585nam--2200169-i-4500</leader><controlfield tag="001">000038649</controlfield><controlfield tag="002">20161230</controlfield><controlfield tag="005">20161230201041</controlfield><controlfield tag="008">060222s1000------------r-----000-0-eng-d</controlfield><datafield ind1=" " ind2=" " tag="040"><subfield code="a">IFIN-HH</subfield></datafield><datafield ind1=" " ind2=" " tag="080"><subfield code="a">537.523/.527</subfield></datafield><datafield ind1="1" ind2=" " tag="110"><subfield code="a">Technical University Delft</subfield></datafield><datafield ind1="1" ind2="0" tag="245"><subfield code="a">Report of the international symposium on electrical discharges in gases. held at the laboratory of technical physics, tehcnical university delft, netherlands, 25-30 april, 1955</subfield></datafield><datafield ind1=" " ind2=" " tag="260"><subfield code="a">Netherlands</subfield><subfield code="b">Martinus Nijhoff</subfield><subfield code="c">1955</subfield></datafield><datafield ind1=" " ind2=" " tag="300"><subfield code="a">XIV + 344P</subfield></datafield><datafield ind1=" " ind2=" " tag="852"><subfield code="a">76212</subfield><subfield code="c">537.52</subfield></datafield><datafield ind1=" " ind2=" " tag="CAT"><subfield code="a">Sys</subfield><subfield code="c">20110804</subfield><subfield code="h">154639</subfield></datafield></record></collection>